%YAML 1.1
%TAG !u! tag:unity3d.com,2011:
--- !u!29 &1
SceneSettings:
  m_ObjectHideFlags: 0
  m_PVSData: 
  m_PVSObjectsArray: []
  m_PVSPortalsArray: []
  m_OcclusionBakeSettings:
    smallestOccluder: 5
    smallestHole: 0.25
    backfaceThreshold: 100
--- !u!104 &2
RenderSettings:
  m_ObjectHideFlags: 0
  serializedVersion: 6
  m_Fog: 0
  m_FogColor: {r: 0.5, g: 0.5, b: 0.5, a: 1}
  m_FogMode: 3
  m_FogDensity: 0.01
  m_LinearFogStart: 0
  m_LinearFogEnd: 300
  m_AmbientSkyColor: {r: 0.1102941, g: 0.1102941, b: 0.1102941, a: 1}
  m_AmbientEquatorColor: {r: 0.114, g: 0.125, b: 0.133, a: 1}
  m_AmbientGroundColor: {r: 0, g: 0, b: 0, a: 1}
  m_AmbientIntensity: 0
  m_AmbientMode: 0
  m_SkyboxMaterial: {fileID: 10304, guid: 0000000000000000f000000000000000, type: 0}
  m_HaloStrength: 0.5
  m_FlareStrength: 1
  m_FlareFadeSpeed: 3
  m_HaloTexture: {fileID: 0}
  m_SpotCookie: {fileID: 10001, guid: 0000000000000000e000000000000000, type: 0}
  m_DefaultReflectionMode: 0
  m_DefaultReflectionResolution: 128
  m_ReflectionBounces: 1
  m_ReflectionIntensity: 1
  m_CustomReflection: {fileID: 0}
  m_Sun: {fileID: 848539111}
--- !u!157 &4
LightmapSettings:
  m_ObjectHideFlags: 0
  serializedVersion: 6
  m_GIWorkflowMode: 0
  m_LightmapsMode: 0
  m_GISettings:
    serializedVersion: 2
    m_BounceScale: 1
    m_IndirectOutputScale: 1
    m_AlbedoBoost: 1
    m_TemporalCoherenceThreshold: 1
    m_EnvironmentLightingMode: 0
    m_EnableBakedLightmaps: 1
    m_EnableRealtimeLightmaps: 0
  m_LightmapEditorSettings:
    serializedVersion: 3
    m_Resolution: 2
    m_BakeResolution: 40
    m_TextureWidth: 1024
    m_TextureHeight: 1024
    m_AOMaxDistance: 1
    m_Padding: 2
    m_CompAOExponent: 0
    m_LightmapParameters: {fileID: 0}
    m_TextureCompression: 1
    m_FinalGather: 0
    m_FinalGatherRayCount: 1024
    m_ReflectionCompression: 2
  m_LightingDataAsset: {fileID: 0}
  m_RuntimeCPUUsage: 25
--- !u!196 &5
NavMeshSettings:
  serializedVersion: 2
  m_ObjectHideFlags: 0
  m_BuildSettings:
    serializedVersion: 2
    agentRadius: 0.5
    agentHeight: 2
    agentSlope: 45
    agentClimb: 0.4
    ledgeDropHeight: 0
    maxJumpAcrossDistance: 0
    accuratePlacement: 0
    minRegionArea: 2
    cellSize: 0.16666667
    manualCellSize: 0
  m_NavMeshData: {fileID: 0}
--- !u!1001 &146942565
Prefab:
  m_ObjectHideFlags: 0
  serializedVersion: 2
  m_Modification:
    m_TransformParent: {fileID: 1361641491}
    m_Modifications:
    - target: {fileID: 22483454, guid: a2fe3c148d0e2fe488560e18f3efd94e, type: 2}
      propertyPath: m_LocalPosition.x
      value: 0
      objectReference: {fileID: 0}
    - target: {fileID: 22483454, guid: a2fe3c148d0e2fe488560e18f3efd94e, type: 2}
      propertyPath: m_LocalPosition.y
      value: 0
      objectReference: {fileID: 0}
    - target: {fileID: 22483454, guid: a2fe3c148d0e2fe488560e18f3efd94e, type: 2}
      propertyPath: m_LocalPosition.z
      value: 0
      objectReference: {fileID: 0}
    - target: {fileID: 22483454, guid: a2fe3c148d0e2fe488560e18f3efd94e, type: 2}
      propertyPath: m_LocalRotation.x
      value: 0
      objectReference: {fileID: 0}
    - target: {fileID: 22483454, guid: a2fe3c148d0e2fe488560e18f3efd94e, type: 2}
      propertyPath: m_LocalRotation.y
      value: 0
      objectReference: {fileID: 0}
    - target: {fileID: 22483454, guid: a2fe3c148d0e2fe488560e18f3efd94e, type: 2}
      propertyPath: m_LocalRotation.z
      value: 0
      objectReference: {fileID: 0}
    - target: {fileID: 22483454, guid: a2fe3c148d0e2fe488560e18f3efd94e, type: 2}
      propertyPath: m_LocalRotation.w
      value: 1
      objectReference: {fileID: 0}
    - target: {fileID: 22483454, guid: a2fe3c148d0e2fe488560e18f3efd94e, type: 2}
      propertyPath: m_RootOrder
      value: 1
      objectReference: {fileID: 0}
    - target: {fileID: 22483454, guid: a2fe3c148d0e2fe488560e18f3efd94e, type: 2}
      propertyPath: m_AnchoredPosition.x
      value: 0
      objectReference: {fileID: 0}
    - target: {fileID: 22483454, guid: a2fe3c148d0e2fe488560e18f3efd94e, type: 2}
      propertyPath: m_AnchoredPosition.y
      value: 0.000015258789
      objectReference: {fileID: 0}
    - target: {fileID: 22483454, guid: a2fe3c148d0e2fe488560e18f3efd94e, type: 2}
      propertyPath: m_SizeDelta.x
      value: 0
      objectReference: {fileID: 0}
    - target: {fileID: 22483454, guid: a2fe3c148d0e2fe488560e18f3efd94e, type: 2}
      propertyPath: m_SizeDelta.y
      value: 0
      objectReference: {fileID: 0}
    - target: {fileID: 22483454, guid: a2fe3c148d0e2fe488560e18f3efd94e, type: 2}
      propertyPath: m_AnchorMin.x
      value: 0
      objectReference: {fileID: 0}
    - target: {fileID: 22483454, guid: a2fe3c148d0e2fe488560e18f3efd94e, type: 2}
      propertyPath: m_AnchorMin.y
      value: 0
      objectReference: {fileID: 0}
    - target: {fileID: 22483454, guid: a2fe3c148d0e2fe488560e18f3efd94e, type: 2}
      propertyPath: m_AnchorMax.x
      value: 1
      objectReference: {fileID: 0}
    - target: {fileID: 22483454, guid: a2fe3c148d0e2fe488560e18f3efd94e, type: 2}
      propertyPath: m_AnchorMax.y
      value: 1
      objectReference: {fileID: 0}
    - target: {fileID: 22483454, guid: a2fe3c148d0e2fe488560e18f3efd94e, type: 2}
      propertyPath: m_Pivot.x
      value: 0.5
      objectReference: {fileID: 0}
    - target: {fileID: 22483454, guid: a2fe3c148d0e2fe488560e18f3efd94e, type: 2}
      propertyPath: m_Pivot.y
      value: 0.5
      objectReference: {fileID: 0}
    m_RemovedComponents: []
  m_ParentPrefab: {fileID: 100100000, guid: a2fe3c148d0e2fe488560e18f3efd94e, type: 2}
  m_IsPrefabParent: 0
--- !u!224 &146942566 stripped
RectTransform:
  m_PrefabParentObject: {fileID: 22483454, guid: a2fe3c148d0e2fe488560e18f3efd94e,
    type: 2}
  m_PrefabInternal: {fileID: 146942565}
--- !u!224 &487547419 stripped
RectTransform:
  m_PrefabParentObject: {fileID: 22445630, guid: eba9d7ddabff6f54da6f78c8bd197132,
    type: 2}
  m_PrefabInternal: {fileID: 1438976389}
--- !u!1001 &525965390
Prefab:
  m_ObjectHideFlags: 0
  serializedVersion: 2
  m_Modification:
    m_TransformParent: {fileID: 1361641491}
    m_Modifications:
    - target: {fileID: 22428270, guid: bd0108adb38e4834e805e55c3ea12a87, type: 2}
      propertyPath: m_LocalPosition.x
      value: 0
      objectReference: {fileID: 0}
    - target: {fileID: 22428270, guid: bd0108adb38e4834e805e55c3ea12a87, type: 2}
      propertyPath: m_LocalPosition.y
      value: 0
      objectReference: {fileID: 0}
    - target: {fileID: 22428270, guid: bd0108adb38e4834e805e55c3ea12a87, type: 2}
      propertyPath: m_LocalPosition.z
      value: 0
      objectReference: {fileID: 0}
    - target: {fileID: 22428270, guid: bd0108adb38e4834e805e55c3ea12a87, type: 2}
      propertyPath: m_LocalRotation.x
      value: 0
      objectReference: {fileID: 0}
    - target: {fileID: 22428270, guid: bd0108adb38e4834e805e55c3ea12a87, type: 2}
      propertyPath: m_LocalRotation.y
      value: 0
      objectReference: {fileID: 0}
    - target: {fileID: 22428270, guid: bd0108adb38e4834e805e55c3ea12a87, type: 2}
      propertyPath: m_LocalRotation.z
      value: 0
      objectReference: {fileID: 0}
    - target: {fileID: 22428270, guid: bd0108adb38e4834e805e55c3ea12a87, type: 2}
      propertyPath: m_LocalRotation.w
      value: 1
      objectReference: {fileID: 0}
    - target: {fileID: 22428270, guid: bd0108adb38e4834e805e55c3ea12a87, type: 2}
      propertyPath: m_RootOrder
      value: 4
      objectReference: {fileID: 0}
    - target: {fileID: 22428270, guid: bd0108adb38e4834e805e55c3ea12a87, type: 2}
      propertyPath: m_AnchoredPosition.x
      value: 0
      objectReference: {fileID: 0}
    - target: {fileID: 22428270, guid: bd0108adb38e4834e805e55c3ea12a87, type: 2}
      propertyPath: m_AnchoredPosition.y
      value: 0.000015258789
      objectReference: {fileID: 0}
    - target: {fileID: 22428270, guid: bd0108adb38e4834e805e55c3ea12a87, type: 2}
      propertyPath: m_SizeDelta.x
      value: 0
      objectReference: {fileID: 0}
    - target: {fileID: 22428270, guid: bd0108adb38e4834e805e55c3ea12a87, type: 2}
      propertyPath: m_SizeDelta.y
      value: 0
      objectReference: {fileID: 0}
    - target: {fileID: 22428270, guid: bd0108adb38e4834e805e55c3ea12a87, type: 2}
      propertyPath: m_AnchorMin.x
      value: 0
      objectReference: {fileID: 0}
    - target: {fileID: 22428270, guid: bd0108adb38e4834e805e55c3ea12a87, type: 2}
      propertyPath: m_AnchorMin.y
      value: 0
      objectReference: {fileID: 0}
    - target: {fileID: 22428270, guid: bd0108adb38e4834e805e55c3ea12a87, type: 2}
      propertyPath: m_AnchorMax.x
      value: 1
      objectReference: {fileID: 0}
    - target: {fileID: 22428270, guid: bd0108adb38e4834e805e55c3ea12a87, type: 2}
      propertyPath: m_AnchorMax.y
      value: 1
      objectReference: {fileID: 0}
    - target: {fileID: 22428270, guid: bd0108adb38e4834e805e55c3ea12a87, type: 2}
      propertyPath: m_Pivot.x
      value: 0.5
      objectReference: {fileID: 0}
    - target: {fileID: 22428270, guid: bd0108adb38e4834e805e55c3ea12a87, type: 2}
      propertyPath: m_Pivot.y
      value: 0.5
      objectReference: {fileID: 0}
    m_RemovedComponents: []
  m_ParentPrefab: {fileID: 100100000, guid: bd0108adb38e4834e805e55c3ea12a87, type: 2}
  m_IsPrefabParent: 0
--- !u!1 &535849393
GameObject:
  m_ObjectHideFlags: 0
  m_PrefabParentObject: {fileID: 0}
  m_PrefabInternal: {fileID: 0}
  serializedVersion: 4
  m_Component:
  - 4: {fileID: 535849397}
  - 33: {fileID: 535849396}
  - 65: {fileID: 535849395}
  - 23: {fileID: 535849394}
  m_Layer: 0
  m_Name: Cube
  m_TagString: Untagged
  m_Icon: {fileID: 0}
  m_NavMeshLayer: 0
  m_StaticEditorFlags: 0
  m_IsActive: 1
--- !u!23 &535849394
MeshRenderer:
  m_ObjectHideFlags: 0
  m_PrefabParentObject: {fileID: 0}
  m_PrefabInternal: {fileID: 0}
  m_GameObject: {fileID: 535849393}
  m_Enabled: 1
  m_CastShadows: 1
  m_ReceiveShadows: 1
  m_Materials:
  - {fileID: 2100000, guid: 105575e295964f344bd5fd0ddfad0ddf, type: 2}
  m_SubsetIndices: 
  m_StaticBatchRoot: {fileID: 0}
  m_UseLightProbes: 1
  m_ReflectionProbeUsage: 1
  m_ProbeAnchor: {fileID: 0}
  m_ScaleInLightmap: 1
  m_PreserveUVs: 1
  m_IgnoreNormalsForChartDetection: 0
  m_ImportantGI: 0
  m_MinimumChartSize: 4
  m_AutoUVMaxDistance: 0.5
  m_AutoUVMaxAngle: 89
  m_LightmapParameters: {fileID: 0}
  m_SortingLayerID: 0
  m_SortingOrder: 0
--- !u!65 &535849395
BoxCollider:
  m_ObjectHideFlags: 0
  m_PrefabParentObject: {fileID: 0}
  m_PrefabInternal: {fileID: 0}
  m_GameObject: {fileID: 535849393}
  m_Material: {fileID: 0}
  m_IsTrigger: 0
  m_Enabled: 1
  serializedVersion: 2
  m_Size: {x: 1, y: 1, z: 1}
  m_Center: {x: 0, y: 0, z: 0}
--- !u!33 &535849396
MeshFilter:
  m_ObjectHideFlags: 0
  m_PrefabParentObject: {fileID: 0}
  m_PrefabInternal: {fileID: 0}
  m_GameObject: {fileID: 535849393}
  m_Mesh: {fileID: 10202, guid: 0000000000000000e000000000000000, type: 0}
--- !u!4 &535849397
Transform:
  m_ObjectHideFlags: 0
  m_PrefabParentObject: {fileID: 0}
  m_PrefabInternal: {fileID: 0}
  m_GameObject: {fileID: 535849393}
  m_LocalRotation: {x: -0.38837576, y: -0.31105393, z: 0.15601127, w: 0.85327035}
  m_LocalPosition: {x: 0.668, y: 1.55, z: -7.81}
  m_LocalScale: {x: 0.5, y: 0.5, z: 0.5}
  m_Children: []
  m_Father: {fileID: 0}
  m_RootOrder: 4
--- !u!224 &578233922 stripped
RectTransform:
  m_PrefabParentObject: {fileID: 22428270, guid: bd0108adb38e4834e805e55c3ea12a87,
    type: 2}
  m_PrefabInternal: {fileID: 525965390}
--- !u!1 &848539110
GameObject:
  m_ObjectHideFlags: 0
  m_PrefabParentObject: {fileID: 0}
  m_PrefabInternal: {fileID: 0}
  serializedVersion: 4
  m_Component:
  - 4: {fileID: 848539112}
  - 108: {fileID: 848539111}
  m_Layer: 5
  m_Name: Directional Light
  m_TagString: Untagged
  m_Icon: {fileID: 0}
  m_NavMeshLayer: 0
  m_StaticEditorFlags: 0
  m_IsActive: 0
--- !u!108 &848539111
Light:
  m_ObjectHideFlags: 0
  m_PrefabParentObject: {fileID: 0}
  m_PrefabInternal: {fileID: 0}
  m_GameObject: {fileID: 848539110}
  m_Enabled: 1
  serializedVersion: 6
  m_Type: 1
  m_Color: {r: 1, g: 0.95686275, b: 0.8392157, a: 1}
  m_Intensity: 0.5
  m_Range: 10
  m_SpotAngle: 30
  m_CookieSize: 10
  m_Shadows:
    m_Type: 2
    m_Resolution: -1
    m_Strength: 1
    m_Bias: 0.05
    m_NormalBias: 0.4
    m_NearPlane: 0.2
  m_Cookie: {fileID: 0}
  m_DrawHalo: 0
  m_Flare: {fileID: 0}
  m_RenderMode: 0
  m_CullingMask:
    serializedVersion: 2
    m_Bits: 32
  m_Lightmapping: 1
  m_BounceIntensity: 0
  m_ShadowRadius: 0
  m_ShadowAngle: 0
  m_AreaSize: {x: 1, y: 1}
--- !u!4 &848539112
Transform:
  m_ObjectHideFlags: 0
  m_PrefabParentObject: {fileID: 0}
  m_PrefabInternal: {fileID: 0}
  m_GameObject: {fileID: 848539110}
  m_LocalRotation: {x: 0.40821794, y: -0.23456973, z: 0.109381676, w: 0.87542605}
  m_LocalPosition: {x: 0, y: 4.35, z: -8.36}
  m_LocalScale: {x: 1, y: 1, z: 1}
  m_Children: []
  m_Father: {fileID: 0}
  m_RootOrder: 1
--- !u!1001 &921143552
Prefab:
  m_ObjectHideFlags: 0
  serializedVersion: 2
  m_Modification:
    m_TransformParent: {fileID: 0}
    m_Modifications:
    - target: {fileID: 22485940, guid: bc8fb7091c73f9a4aa84239569fc34c0, type: 2}
      propertyPath: m_LocalPosition.x
      value: 0
      objectReference: {fileID: 0}
    - target: {fileID: 22485940, guid: bc8fb7091c73f9a4aa84239569fc34c0, type: 2}
      propertyPath: m_LocalPosition.y
      value: 0
      objectReference: {fileID: 0}
    - target: {fileID: 22485940, guid: bc8fb7091c73f9a4aa84239569fc34c0, type: 2}
      propertyPath: m_LocalPosition.z
      value: 0
      objectReference: {fileID: 0}
    - target: {fileID: 22485940, guid: bc8fb7091c73f9a4aa84239569fc34c0, type: 2}
      propertyPath: m_LocalRotation.x
      value: 0
      objectReference: {fileID: 0}
    - target: {fileID: 22485940, guid: bc8fb7091c73f9a4aa84239569fc34c0, type: 2}
      propertyPath: m_LocalRotation.y
      value: 0
      objectReference: {fileID: 0}
    - target: {fileID: 22485940, guid: bc8fb7091c73f9a4aa84239569fc34c0, type: 2}
      propertyPath: m_LocalRotation.z
      value: 0
      objectReference: {fileID: 0}
    - target: {fileID: 22485940, guid: bc8fb7091c73f9a4aa84239569fc34c0, type: 2}
      propertyPath: m_LocalRotation.w
      value: 1
      objectReference: {fileID: 0}
    - target: {fileID: 22485940, guid: bc8fb7091c73f9a4aa84239569fc34c0, type: 2}
      propertyPath: m_RootOrder
      value: 2
      objectReference: {fileID: 0}
    - target: {fileID: 22485940, guid: bc8fb7091c73f9a4aa84239569fc34c0, type: 2}
      propertyPath: m_AnchoredPosition.x
      value: 0
      objectReference: {fileID: 0}
    - target: {fileID: 22485940, guid: bc8fb7091c73f9a4aa84239569fc34c0, type: 2}
      propertyPath: m_AnchoredPosition.y
      value: 0
      objectReference: {fileID: 0}
    - target: {fileID: 22485940, guid: bc8fb7091c73f9a4aa84239569fc34c0, type: 2}
      propertyPath: m_SizeDelta.x
      value: 0
      objectReference: {fileID: 0}
    - target: {fileID: 22485940, guid: bc8fb7091c73f9a4aa84239569fc34c0, type: 2}
      propertyPath: m_SizeDelta.y
      value: 0
      objectReference: {fileID: 0}
    - target: {fileID: 22485940, guid: bc8fb7091c73f9a4aa84239569fc34c0, type: 2}
      propertyPath: m_AnchorMin.x
      value: 0
      objectReference: {fileID: 0}
    - target: {fileID: 22485940, guid: bc8fb7091c73f9a4aa84239569fc34c0, type: 2}
      propertyPath: m_AnchorMin.y
      value: 0
      objectReference: {fileID: 0}
    - target: {fileID: 22485940, guid: bc8fb7091c73f9a4aa84239569fc34c0, type: 2}
      propertyPath: m_AnchorMax.x
      value: 0
      objectReference: {fileID: 0}
    - target: {fileID: 22485940, guid: bc8fb7091c73f9a4aa84239569fc34c0, type: 2}
      propertyPath: m_AnchorMax.y
      value: 0
      objectReference: {fileID: 0}
    - target: {fileID: 22485940, guid: bc8fb7091c73f9a4aa84239569fc34c0, type: 2}
      propertyPath: m_Pivot.x
      value: 0
      objectReference: {fileID: 0}
    - target: {fileID: 22485940, guid: bc8fb7091c73f9a4aa84239569fc34c0, type: 2}
      propertyPath: m_Pivot.y
      value: 0
      objectReference: {fileID: 0}
    - target: {fileID: 164510, guid: bc8fb7091c73f9a4aa84239569fc34c0, type: 2}
      propertyPath: m_IsActive
      value: 1
      objectReference: {fileID: 0}
    m_RemovedComponents: []
  m_ParentPrefab: {fileID: 100100000, guid: bc8fb7091c73f9a4aa84239569fc34c0, type: 2}
  m_IsPrefabParent: 0
--- !u!224 &921143553 stripped
RectTransform:
  m_PrefabParentObject: {fileID: 22485940, guid: bc8fb7091c73f9a4aa84239569fc34c0,
    type: 2}
  m_PrefabInternal: {fileID: 921143552}
--- !u!1 &1012244095
GameObject:
  m_ObjectHideFlags: 0
  m_PrefabParentObject: {fileID: 0}
  m_PrefabInternal: {fileID: 0}
  serializedVersion: 4
  m_Component:
  - 4: {fileID: 1012244101}
  - 33: {fileID: 1012244100}
  - 23: {fileID: 1012244098}
  - 111: {fileID: 1012244097}
  - 114: {fileID: 1012244096}
  m_Layer: 0
  m_Name: Cube
  m_TagString: Untagged
  m_Icon: {fileID: 0}
  m_NavMeshLayer: 0
  m_StaticEditorFlags: 0
  m_IsActive: 1
--- !u!114 &1012244096
MonoBehaviour:
  m_ObjectHideFlags: 0
  m_PrefabParentObject: {fileID: 0}
  m_PrefabInternal: {fileID: 0}
  m_GameObject: {fileID: 1012244095}
  m_Enabled: 1
  m_EditorHideFlags: 0
  m_Script: {fileID: 11500000, guid: 185f3001fcbe19e4d81a647931ca5b69, type: 3}
  m_Name: 
  m_EditorClassIdentifier: 
  angularDirection: {x: 30, y: 20, z: 10}
--- !u!111 &1012244097
Animation:
  m_ObjectHideFlags: 0
  m_PrefabParentObject: {fileID: 0}
  m_PrefabInternal: {fileID: 0}
  m_GameObject: {fileID: 1012244095}
  m_Enabled: 1
  serializedVersion: 3
  m_Animation: {fileID: 0}
  m_Animations: []
  m_WrapMode: 0
  m_PlayAutomatically: 1
  m_AnimatePhysics: 0
  m_CullingType: 0
--- !u!23 &1012244098
MeshRenderer:
  m_ObjectHideFlags: 0
  m_PrefabParentObject: {fileID: 0}
  m_PrefabInternal: {fileID: 0}
  m_GameObject: {fileID: 1012244095}
  m_Enabled: 1
  m_CastShadows: 1
  m_ReceiveShadows: 1
  m_Materials:
  - {fileID: 2100000, guid: 105575e295964f344bd5fd0ddfad0ddf, type: 2}
  m_SubsetIndices: 
  m_StaticBatchRoot: {fileID: 0}
  m_UseLightProbes: 1
  m_ReflectionProbeUsage: 1
  m_ProbeAnchor: {fileID: 0}
  m_ScaleInLightmap: 1
  m_PreserveUVs: 1
  m_IgnoreNormalsForChartDetection: 0
  m_ImportantGI: 0
  m_MinimumChartSize: 4
  m_AutoUVMaxDistance: 0.5
  m_AutoUVMaxAngle: 89
  m_LightmapParameters: {fileID: 0}
  m_SortingLayerID: 0
  m_SortingOrder: 0
--- !u!33 &1012244100
MeshFilter:
  m_ObjectHideFlags: 0
  m_PrefabParentObject: {fileID: 0}
  m_PrefabInternal: {fileID: 0}
  m_GameObject: {fileID: 1012244095}
  m_Mesh: {fileID: 10208, guid: 0000000000000000e000000000000000, type: 0}
--- !u!4 &1012244101
Transform:
  m_ObjectHideFlags: 0
  m_PrefabParentObject: {fileID: 0}
  m_PrefabInternal: {fileID: 0}
  m_GameObject: {fileID: 1012244095}
  m_LocalRotation: {x: 0, y: 0, z: 0, w: 1}
  m_LocalPosition: {x: 0, y: 1, z: -7}
  m_LocalScale: {x: 1, y: 1, z: 1}
  m_Children: []
  m_Father: {fileID: 0}
  m_RootOrder: 3
--- !u!1001 &1196367808
Prefab:
  m_ObjectHideFlags: 0
  serializedVersion: 2
  m_Modification:
    m_TransformParent: {fileID: 1361641491}
    m_Modifications:
    - target: {fileID: 22498224, guid: 409bd7de3a5b6374f8e82f4dc9494e4b, type: 2}
      propertyPath: m_LocalPosition.x
      value: 0
      objectReference: {fileID: 0}
    - target: {fileID: 22498224, guid: 409bd7de3a5b6374f8e82f4dc9494e4b, type: 2}
      propertyPath: m_LocalPosition.y
      value: 0
      objectReference: {fileID: 0}
    - target: {fileID: 22498224, guid: 409bd7de3a5b6374f8e82f4dc9494e4b, type: 2}
      propertyPath: m_LocalPosition.z
      value: 0
      objectReference: {fileID: 0}
    - target: {fileID: 22498224, guid: 409bd7de3a5b6374f8e82f4dc9494e4b, type: 2}
      propertyPath: m_LocalRotation.x
      value: 0
      objectReference: {fileID: 0}
    - target: {fileID: 22498224, guid: 409bd7de3a5b6374f8e82f4dc9494e4b, type: 2}
      propertyPath: m_LocalRotation.y
      value: 0
      objectReference: {fileID: 0}
    - target: {fileID: 22498224, guid: 409bd7de3a5b6374f8e82f4dc9494e4b, type: 2}
      propertyPath: m_LocalRotation.z
      value: 0
      objectReference: {fileID: 0}
    - target: {fileID: 22498224, guid: 409bd7de3a5b6374f8e82f4dc9494e4b, type: 2}
      propertyPath: m_LocalRotation.w
      value: 1
      objectReference: {fileID: 0}
    - target: {fileID: 22498224, guid: 409bd7de3a5b6374f8e82f4dc9494e4b, type: 2}
      propertyPath: m_RootOrder
      value: 2
      objectReference: {fileID: 0}
    - target: {fileID: 22498224, guid: 409bd7de3a5b6374f8e82f4dc9494e4b, type: 2}
      propertyPath: m_AnchoredPosition.x
      value: 0
      objectReference: {fileID: 0}
    - target: {fileID: 22498224, guid: 409bd7de3a5b6374f8e82f4dc9494e4b, type: 2}
      propertyPath: m_AnchoredPosition.y
      value: 0
      objectReference: {fileID: 0}
    - target: {fileID: 22498224, guid: 409bd7de3a5b6374f8e82f4dc9494e4b, type: 2}
      propertyPath: m_SizeDelta.x
      value: 0
      objectReference: {fileID: 0}
    - target: {fileID: 22498224, guid: 409bd7de3a5b6374f8e82f4dc9494e4b, type: 2}
      propertyPath: m_SizeDelta.y
      value: 0
      objectReference: {fileID: 0}
    - target: {fileID: 22498224, guid: 409bd7de3a5b6374f8e82f4dc9494e4b, type: 2}
      propertyPath: m_AnchorMin.x
      value: 0
      objectReference: {fileID: 0}
    - target: {fileID: 22498224, guid: 409bd7de3a5b6374f8e82f4dc9494e4b, type: 2}
      propertyPath: m_AnchorMin.y
      value: 0
      objectReference: {fileID: 0}
    - target: {fileID: 22498224, guid: 409bd7de3a5b6374f8e82f4dc9494e4b, type: 2}
      propertyPath: m_AnchorMax.x
      value: 1
      objectReference: {fileID: 0}
    - target: {fileID: 22498224, guid: 409bd7de3a5b6374f8e82f4dc9494e4b, type: 2}
      propertyPath: m_AnchorMax.y
      value: 1
      objectReference: {fileID: 0}
    - target: {fileID: 22498224, guid: 409bd7de3a5b6374f8e82f4dc9494e4b, type: 2}
      propertyPath: m_Pivot.x
      value: 0.5
      objectReference: {fileID: 0}
    - target: {fileID: 22498224, guid: 409bd7de3a5b6374f8e82f4dc9494e4b, type: 2}
      propertyPath: m_Pivot.y
      value: 0.5
      objectReference: {fileID: 0}
    m_RemovedComponents: []
  m_ParentPrefab: {fileID: 100100000, guid: 409bd7de3a5b6374f8e82f4dc9494e4b, type: 2}
  m_IsPrefabParent: 0
--- !u!224 &1196367809 stripped
RectTransform:
  m_PrefabParentObject: {fileID: 22498224, guid: 409bd7de3a5b6374f8e82f4dc9494e4b,
    type: 2}
  m_PrefabInternal: {fileID: 1196367808}
--- !u!1 &1211062618
GameObject:
  m_ObjectHideFlags: 0
  m_PrefabParentObject: {fileID: 0}
  m_PrefabInternal: {fileID: 0}
  serializedVersion: 4
  m_Component:
  - 4: {fileID: 1211062622}
  - 33: {fileID: 1211062621}
  - 64: {fileID: 1211062620}
  - 23: {fileID: 1211062619}
  m_Layer: 0
  m_Name: Plane
  m_TagString: Untagged
  m_Icon: {fileID: 0}
  m_NavMeshLayer: 0
  m_StaticEditorFlags: 0
  m_IsActive: 1
--- !u!23 &1211062619
MeshRenderer:
  m_ObjectHideFlags: 0
  m_PrefabParentObject: {fileID: 0}
  m_PrefabInternal: {fileID: 0}
  m_GameObject: {fileID: 1211062618}
  m_Enabled: 1
  m_CastShadows: 1
  m_ReceiveShadows: 1
  m_Materials:
  - {fileID: 2100000, guid: 105575e295964f344bd5fd0ddfad0ddf, type: 2}
  m_SubsetIndices: 
  m_StaticBatchRoot: {fileID: 0}
  m_UseLightProbes: 1
  m_ReflectionProbeUsage: 1
  m_ProbeAnchor: {fileID: 0}
  m_ScaleInLightmap: 1
  m_PreserveUVs: 1
  m_IgnoreNormalsForChartDetection: 0
  m_ImportantGI: 0
  m_MinimumChartSize: 4
  m_AutoUVMaxDistance: 0.5
  m_AutoUVMaxAngle: 89
  m_LightmapParameters: {fileID: 0}
  m_SortingLayerID: 0
  m_SortingOrder: 0
--- !u!64 &1211062620
MeshCollider:
  m_ObjectHideFlags: 0
  m_PrefabParentObject: {fileID: 0}
  m_PrefabInternal: {fileID: 0}
  m_GameObject: {fileID: 1211062618}
  m_Material: {fileID: 0}
  m_IsTrigger: 0
  m_Enabled: 1
  serializedVersion: 2
  m_Convex: 0
  m_Mesh: {fileID: 10209, guid: 0000000000000000e000000000000000, type: 0}
--- !u!33 &1211062621
MeshFilter:
  m_ObjectHideFlags: 0
  m_PrefabParentObject: {fileID: 0}
  m_PrefabInternal: {fileID: 0}
  m_GameObject: {fileID: 1211062618}
  m_Mesh: {fileID: 10209, guid: 0000000000000000e000000000000000, type: 0}
--- !u!4 &1211062622
Transform:
  m_ObjectHideFlags: 0
  m_PrefabParentObject: {fileID: 0}
  m_PrefabInternal: {fileID: 0}
  m_GameObject: {fileID: 1211062618}
  m_LocalRotation: {x: 0, y: 0, z: 0, w: 1}
  m_LocalPosition: {x: 0.78472286, y: -0.4, z: -6.4886856}
  m_LocalScale: {x: 1, y: 1, z: 1}
  m_Children: []
  m_Father: {fileID: 0}
  m_RootOrder: 6
--- !u!1001 &1229846433
Prefab:
  m_ObjectHideFlags: 0
  serializedVersion: 2
  m_Modification:
    m_TransformParent: {fileID: 0}
    m_Modifications:
    - target: {fileID: 400000, guid: d1866c312731e0e438fcc928b4ee86fe, type: 2}
      propertyPath: m_LocalPosition.x
      value: 0
      objectReference: {fileID: 0}
    - target: {fileID: 400000, guid: d1866c312731e0e438fcc928b4ee86fe, type: 2}
      propertyPath: m_LocalPosition.y
      value: 0
      objectReference: {fileID: 0}
    - target: {fileID: 400000, guid: d1866c312731e0e438fcc928b4ee86fe, type: 2}
      propertyPath: m_LocalPosition.z
      value: 0
      objectReference: {fileID: 0}
    - target: {fileID: 400000, guid: d1866c312731e0e438fcc928b4ee86fe, type: 2}
      propertyPath: m_LocalRotation.x
      value: 0
      objectReference: {fileID: 0}
    - target: {fileID: 400000, guid: d1866c312731e0e438fcc928b4ee86fe, type: 2}
      propertyPath: m_LocalRotation.y
      value: 0
      objectReference: {fileID: 0}
    - target: {fileID: 400000, guid: d1866c312731e0e438fcc928b4ee86fe, type: 2}
      propertyPath: m_LocalRotation.z
      value: 0
      objectReference: {fileID: 0}
    - target: {fileID: 400000, guid: d1866c312731e0e438fcc928b4ee86fe, type: 2}
      propertyPath: m_LocalRotation.w
      value: 1
      objectReference: {fileID: 0}
    - target: {fileID: 400000, guid: d1866c312731e0e438fcc928b4ee86fe, type: 2}
      propertyPath: m_RootOrder
      value: 0
      objectReference: {fileID: 0}
    m_RemovedComponents: []
  m_ParentPrefab: {fileID: 100100000, guid: d1866c312731e0e438fcc928b4ee86fe, type: 2}
  m_IsPrefabParent: 0
--- !u!1001 &1310690660
Prefab:
  m_ObjectHideFlags: 0
  serializedVersion: 2
  m_Modification:
    m_TransformParent: {fileID: 0}
    m_Modifications:
    - target: {fileID: 400000, guid: 5e9e851c0e142814dac026a256ba2ac0, type: 2}
      propertyPath: m_LocalPosition.x
      value: 0
      objectReference: {fileID: 0}
    - target: {fileID: 400000, guid: 5e9e851c0e142814dac026a256ba2ac0, type: 2}
      propertyPath: m_LocalPosition.y
      value: 0.71
      objectReference: {fileID: 0}
    - target: {fileID: 400000, guid: 5e9e851c0e142814dac026a256ba2ac0, type: 2}
      propertyPath: m_LocalPosition.z
      value: -11.17
      objectReference: {fileID: 0}
    - target: {fileID: 400000, guid: 5e9e851c0e142814dac026a256ba2ac0, type: 2}
      propertyPath: m_LocalRotation.x
      value: 0
      objectReference: {fileID: 0}
    - target: {fileID: 400000, guid: 5e9e851c0e142814dac026a256ba2ac0, type: 2}
      propertyPath: m_LocalRotation.y
      value: 0
      objectReference: {fileID: 0}
    - target: {fileID: 400000, guid: 5e9e851c0e142814dac026a256ba2ac0, type: 2}
      propertyPath: m_LocalRotation.z
      value: 0
      objectReference: {fileID: 0}
    - target: {fileID: 400000, guid: 5e9e851c0e142814dac026a256ba2ac0, type: 2}
      propertyPath: m_LocalRotation.w
      value: 1
      objectReference: {fileID: 0}
    - target: {fileID: 400000, guid: 5e9e851c0e142814dac026a256ba2ac0, type: 2}
      propertyPath: m_RootOrder
      value: 7
      objectReference: {fileID: 0}
    m_RemovedComponents: []
  m_ParentPrefab: {fileID: 100100000, guid: 5e9e851c0e142814dac026a256ba2ac0, type: 2}
  m_IsPrefabParent: 0
--- !u!1001 &1352548027
Prefab:
  m_ObjectHideFlags: 0
  serializedVersion: 2
  m_Modification:
    m_TransformParent: {fileID: 1361641491}
    m_Modifications:
    - target: {fileID: 22486468, guid: 5c48fcaa0038d944f91d06c1f9b98156, type: 2}
      propertyPath: m_RootOrder
      value: 0
      objectReference: {fileID: 0}
    m_RemovedComponents: []
  m_ParentPrefab: {fileID: 100100000, guid: 5c48fcaa0038d944f91d06c1f9b98156, type: 2}
  m_IsPrefabParent: 0
--- !u!224 &1352548028 stripped
RectTransform:
  m_PrefabParentObject: {fileID: 22486468, guid: 5c48fcaa0038d944f91d06c1f9b98156,
    type: 2}
  m_PrefabInternal: {fileID: 1352548027}
--- !u!1001 &1356835093
Prefab:
  m_ObjectHideFlags: 0
  serializedVersion: 2
  m_Modification:
    m_TransformParent: {fileID: 1361641491}
    m_Modifications:
    - target: {fileID: 22405340, guid: 7db1b36f0befa224fa9dd8e973d9334a, type: 2}
      propertyPath: m_LocalPosition.x
      value: 0
      objectReference: {fileID: 0}
    - target: {fileID: 22405340, guid: 7db1b36f0befa224fa9dd8e973d9334a, type: 2}
      propertyPath: m_LocalPosition.y
      value: 0
      objectReference: {fileID: 0}
    - target: {fileID: 22405340, guid: 7db1b36f0befa224fa9dd8e973d9334a, type: 2}
      propertyPath: m_LocalPosition.z
      value: 0
      objectReference: {fileID: 0}
    - target: {fileID: 22405340, guid: 7db1b36f0befa224fa9dd8e973d9334a, type: 2}
      propertyPath: m_LocalRotation.x
      value: 0
      objectReference: {fileID: 0}
    - target: {fileID: 22405340, guid: 7db1b36f0befa224fa9dd8e973d9334a, type: 2}
      propertyPath: m_LocalRotation.y
      value: 0
      objectReference: {fileID: 0}
    - target: {fileID: 22405340, guid: 7db1b36f0befa224fa9dd8e973d9334a, type: 2}
      propertyPath: m_LocalRotation.z
      value: 0
      objectReference: {fileID: 0}
    - target: {fileID: 22405340, guid: 7db1b36f0befa224fa9dd8e973d9334a, type: 2}
      propertyPath: m_LocalRotation.w
      value: 1
      objectReference: {fileID: 0}
    - target: {fileID: 22405340, guid: 7db1b36f0befa224fa9dd8e973d9334a, type: 2}
      propertyPath: m_RootOrder
      value: 5
      objectReference: {fileID: 0}
    - target: {fileID: 22405340, guid: 7db1b36f0befa224fa9dd8e973d9334a, type: 2}
      propertyPath: m_AnchoredPosition.x
      value: 0
      objectReference: {fileID: 0}
    - target: {fileID: 22405340, guid: 7db1b36f0befa224fa9dd8e973d9334a, type: 2}
      propertyPath: m_AnchoredPosition.y
      value: 0.000015258789
      objectReference: {fileID: 0}
    - target: {fileID: 22405340, guid: 7db1b36f0befa224fa9dd8e973d9334a, type: 2}
      propertyPath: m_SizeDelta.x
      value: 0
      objectReference: {fileID: 0}
    - target: {fileID: 22405340, guid: 7db1b36f0befa224fa9dd8e973d9334a, type: 2}
      propertyPath: m_SizeDelta.y
      value: 0
      objectReference: {fileID: 0}
    - target: {fileID: 22405340, guid: 7db1b36f0befa224fa9dd8e973d9334a, type: 2}
      propertyPath: m_AnchorMin.x
      value: 0
      objectReference: {fileID: 0}
    - target: {fileID: 22405340, guid: 7db1b36f0befa224fa9dd8e973d9334a, type: 2}
      propertyPath: m_AnchorMin.y
      value: 0
      objectReference: {fileID: 0}
    - target: {fileID: 22405340, guid: 7db1b36f0befa224fa9dd8e973d9334a, type: 2}
      propertyPath: m_AnchorMax.x
      value: 1
      objectReference: {fileID: 0}
    - target: {fileID: 22405340, guid: 7db1b36f0befa224fa9dd8e973d9334a, type: 2}
      propertyPath: m_AnchorMax.y
      value: 1
      objectReference: {fileID: 0}
    - target: {fileID: 22405340, guid: 7db1b36f0befa224fa9dd8e973d9334a, type: 2}
      propertyPath: m_Pivot.x
      value: 0.5
      objectReference: {fileID: 0}
    - target: {fileID: 22405340, guid: 7db1b36f0befa224fa9dd8e973d9334a, type: 2}
      propertyPath: m_Pivot.y
      value: 0.5
      objectReference: {fileID: 0}
    - target: {fileID: 22403510, guid: 7db1b36f0befa224fa9dd8e973d9334a, type: 2}
      propertyPath: m_AnchorMax.x
      value: 1
      objectReference: {fileID: 0}
    - target: {fileID: 22403510, guid: 7db1b36f0befa224fa9dd8e973d9334a, type: 2}
      propertyPath: m_AnchorMax.y
      value: 1
      objectReference: {fileID: 0}
    - target: {fileID: 22489838, guid: 7db1b36f0befa224fa9dd8e973d9334a, type: 2}
      propertyPath: m_AnchorMin.x
      value: 1
      objectReference: {fileID: 0}
    - target: {fileID: 22489838, guid: 7db1b36f0befa224fa9dd8e973d9334a, type: 2}
      propertyPath: m_AnchorMax.x
      value: 1
      objectReference: {fileID: 0}
    - target: {fileID: 22489838, guid: 7db1b36f0befa224fa9dd8e973d9334a, type: 2}
      propertyPath: m_AnchorMax.y
      value: 1
      objectReference: {fileID: 0}
    - target: {fileID: 22473434, guid: 7db1b36f0befa224fa9dd8e973d9334a, type: 2}
      propertyPath: m_AnchorMax.x
      value: 1
      objectReference: {fileID: 0}
    - target: {fileID: 22473434, guid: 7db1b36f0befa224fa9dd8e973d9334a, type: 2}
      propertyPath: m_AnchorMax.y
      value: 1
      objectReference: {fileID: 0}
    - target: {fileID: 22419590, guid: 7db1b36f0befa224fa9dd8e973d9334a, type: 2}
      propertyPath: m_AnchorMin.x
      value: 1
      objectReference: {fileID: 0}
    - target: {fileID: 22419590, guid: 7db1b36f0befa224fa9dd8e973d9334a, type: 2}
      propertyPath: m_AnchorMax.x
      value: 1
      objectReference: {fileID: 0}
    - target: {fileID: 22419590, guid: 7db1b36f0befa224fa9dd8e973d9334a, type: 2}
      propertyPath: m_AnchorMax.y
      value: 1
      objectReference: {fileID: 0}
    - target: {fileID: 112184, guid: 7db1b36f0befa224fa9dd8e973d9334a, type: 2}
      propertyPath: m_IsActive
      value: 1
      objectReference: {fileID: 0}
    - target: {fileID: 11496650, guid: 7db1b36f0befa224fa9dd8e973d9334a, type: 2}
      propertyPath: m_FontData.m_Font
      value: 
      objectReference: {fileID: 10102, guid: 0000000000000000e000000000000000, type: 0}
    - target: {fileID: 11477340, guid: 7db1b36f0befa224fa9dd8e973d9334a, type: 2}
      propertyPath: m_FontData.m_Font
      value: 
      objectReference: {fileID: 10102, guid: 0000000000000000e000000000000000, type: 0}
    - target: {fileID: 11463344, guid: 7db1b36f0befa224fa9dd8e973d9334a, type: 2}
      propertyPath: m_FontData.m_Font
      value: 
      objectReference: {fileID: 10102, guid: 0000000000000000e000000000000000, type: 0}
    - target: {fileID: 11459110, guid: 7db1b36f0befa224fa9dd8e973d9334a, type: 2}
      propertyPath: m_FontData.m_Font
      value: 
      objectReference: {fileID: 10102, guid: 0000000000000000e000000000000000, type: 0}
    - target: {fileID: 11455238, guid: 7db1b36f0befa224fa9dd8e973d9334a, type: 2}
      propertyPath: m_FontData.m_Font
      value: 
      objectReference: {fileID: 10102, guid: 0000000000000000e000000000000000, type: 0}
    - target: {fileID: 11413558, guid: 7db1b36f0befa224fa9dd8e973d9334a, type: 2}
      propertyPath: m_FontData.m_Font
      value: 
      objectReference: {fileID: 10102, guid: 0000000000000000e000000000000000, type: 0}
    - target: {fileID: 11407180, guid: 7db1b36f0befa224fa9dd8e973d9334a, type: 2}
      propertyPath: m_FontData.m_Font
      value: 
      objectReference: {fileID: 10102, guid: 0000000000000000e000000000000000, type: 0}
    - target: {fileID: 11403550, guid: 7db1b36f0befa224fa9dd8e973d9334a, type: 2}
      propertyPath: m_FontData.m_Font
      value: 
      objectReference: {fileID: 10102, guid: 0000000000000000e000000000000000, type: 0}
    m_RemovedComponents: []
  m_ParentPrefab: {fileID: 100100000, guid: 7db1b36f0befa224fa9dd8e973d9334a, type: 2}
  m_IsPrefabParent: 0
--- !u!224 &1356835094 stripped
RectTransform:
  m_PrefabParentObject: {fileID: 22405340, guid: 7db1b36f0befa224fa9dd8e973d9334a,
    type: 2}
  m_PrefabInternal: {fileID: 1356835093}
--- !u!1 &1361641490
GameObject:
  m_ObjectHideFlags: 0
  m_PrefabParentObject: {fileID: 0}
  m_PrefabInternal: {fileID: 0}
  serializedVersion: 4
  m_Component:
  - 224: {fileID: 1361641491}
  m_Layer: 5
  m_Name: Omiya Games Menus
  m_TagString: Untagged
  m_Icon: {fileID: 0}
  m_NavMeshLayer: 0
  m_StaticEditorFlags: 0
  m_IsActive: 1
--- !u!224 &1361641491
RectTransform:
  m_ObjectHideFlags: 0
  m_PrefabParentObject: {fileID: 0}
  m_PrefabInternal: {fileID: 0}
  m_GameObject: {fileID: 1361641490}
  m_LocalRotation: {x: 0, y: 0, z: 0, w: 1}
  m_LocalPosition: {x: 0, y: 0, z: 0}
  m_LocalScale: {x: 1, y: 1, z: 1}
  m_Children:
  - {fileID: 1352548028}
  - {fileID: 146942566}
  - {fileID: 1196367809}
  - {fileID: 487547419}
  - {fileID: 578233922}
  - {fileID: 1356835094}
  m_Father: {fileID: 921143553}
  m_RootOrder: 0
  m_AnchorMin: {x: 0, y: 0}
  m_AnchorMax: {x: 1, y: 1}
  m_AnchoredPosition: {x: 0, y: 0}
  m_SizeDelta: {x: 0, y: 0}
  m_Pivot: {x: 0.5, y: 0.5}
--- !u!1001 &1438976389
Prefab:
  m_ObjectHideFlags: 0
  serializedVersion: 2
  m_Modification:
    m_TransformParent: {fileID: 1361641491}
    m_Modifications:
    - target: {fileID: 22445630, guid: eba9d7ddabff6f54da6f78c8bd197132, type: 2}
      propertyPath: m_LocalPosition.x
      value: 0
      objectReference: {fileID: 0}
    - target: {fileID: 22445630, guid: eba9d7ddabff6f54da6f78c8bd197132, type: 2}
      propertyPath: m_LocalPosition.y
      value: 0
      objectReference: {fileID: 0}
    - target: {fileID: 22445630, guid: eba9d7ddabff6f54da6f78c8bd197132, type: 2}
      propertyPath: m_LocalPosition.z
      value: 0
      objectReference: {fileID: 0}
    - target: {fileID: 22445630, guid: eba9d7ddabff6f54da6f78c8bd197132, type: 2}
      propertyPath: m_LocalRotation.x
      value: 0
      objectReference: {fileID: 0}
    - target: {fileID: 22445630, guid: eba9d7ddabff6f54da6f78c8bd197132, type: 2}
      propertyPath: m_LocalRotation.y
      value: 0
      objectReference: {fileID: 0}
    - target: {fileID: 22445630, guid: eba9d7ddabff6f54da6f78c8bd197132, type: 2}
      propertyPath: m_LocalRotation.z
      value: 0
      objectReference: {fileID: 0}
    - target: {fileID: 22445630, guid: eba9d7ddabff6f54da6f78c8bd197132, type: 2}
      propertyPath: m_LocalRotation.w
      value: 1
      objectReference: {fileID: 0}
    - target: {fileID: 22445630, guid: eba9d7ddabff6f54da6f78c8bd197132, type: 2}
      propertyPath: m_RootOrder
      value: 3
      objectReference: {fileID: 0}
    - target: {fileID: 22445630, guid: eba9d7ddabff6f54da6f78c8bd197132, type: 2}
      propertyPath: m_AnchoredPosition.x
      value: 0
      objectReference: {fileID: 0}
    - target: {fileID: 22445630, guid: eba9d7ddabff6f54da6f78c8bd197132, type: 2}
      propertyPath: m_AnchoredPosition.y
      value: 0.000015258789
      objectReference: {fileID: 0}
    - target: {fileID: 22445630, guid: eba9d7ddabff6f54da6f78c8bd197132, type: 2}
      propertyPath: m_SizeDelta.x
      value: 0
      objectReference: {fileID: 0}
    - target: {fileID: 22445630, guid: eba9d7ddabff6f54da6f78c8bd197132, type: 2}
      propertyPath: m_SizeDelta.y
      value: 0
      objectReference: {fileID: 0}
    - target: {fileID: 22445630, guid: eba9d7ddabff6f54da6f78c8bd197132, type: 2}
      propertyPath: m_AnchorMin.x
      value: 0
      objectReference: {fileID: 0}
    - target: {fileID: 22445630, guid: eba9d7ddabff6f54da6f78c8bd197132, type: 2}
      propertyPath: m_AnchorMin.y
      value: 0
      objectReference: {fileID: 0}
    - target: {fileID: 22445630, guid: eba9d7ddabff6f54da6f78c8bd197132, type: 2}
      propertyPath: m_AnchorMax.x
      value: 1
      objectReference: {fileID: 0}
    - target: {fileID: 22445630, guid: eba9d7ddabff6f54da6f78c8bd197132, type: 2}
      propertyPath: m_AnchorMax.y
      value: 1
      objectReference: {fileID: 0}
    - target: {fileID: 22445630, guid: eba9d7ddabff6f54da6f78c8bd197132, type: 2}
      propertyPath: m_Pivot.x
      value: 0.5
      objectReference: {fileID: 0}
    - target: {fileID: 22445630, guid: eba9d7ddabff6f54da6f78c8bd197132, type: 2}
      propertyPath: m_Pivot.y
      value: 0.5
      objectReference: {fileID: 0}
    m_RemovedComponents: []
  m_ParentPrefab: {fileID: 100100000, guid: eba9d7ddabff6f54da6f78c8bd197132, type: 2}
  m_IsPrefabParent: 0
--- !u!1001 &1904901397
Prefab:
  m_ObjectHideFlags: 0
  serializedVersion: 2
  m_Modification:
    m_TransformParent: {fileID: 0}
    m_Modifications:
    - target: {fileID: 492372, guid: e6de9bbfd0f4a40efae8b92c0481a228, type: 2}
      propertyPath: m_LocalPosition.x
      value: -.0325269699
      objectReference: {fileID: 0}
    - target: {fileID: 492372, guid: e6de9bbfd0f4a40efae8b92c0481a228, type: 2}
      propertyPath: m_LocalPosition.y
      value: -4.05093193
      objectReference: {fileID: 0}
    - target: {fileID: 492372, guid: e6de9bbfd0f4a40efae8b92c0481a228, type: 2}
      propertyPath: m_LocalPosition.z
      value: 0
      objectReference: {fileID: 0}
    - target: {fileID: 492372, guid: e6de9bbfd0f4a40efae8b92c0481a228, type: 2}
      propertyPath: m_LocalRotation.x
      value: 0
      objectReference: {fileID: 0}
    - target: {fileID: 492372, guid: e6de9bbfd0f4a40efae8b92c0481a228, type: 2}
      propertyPath: m_LocalRotation.y
      value: 0
      objectReference: {fileID: 0}
    - target: {fileID: 492372, guid: e6de9bbfd0f4a40efae8b92c0481a228, type: 2}
      propertyPath: m_LocalRotation.z
      value: 0
      objectReference: {fileID: 0}
    - target: {fileID: 492372, guid: e6de9bbfd0f4a40efae8b92c0481a228, type: 2}
      propertyPath: m_LocalRotation.w
      value: 1
      objectReference: {fileID: 0}
    - target: {fileID: 492372, guid: e6de9bbfd0f4a40efae8b92c0481a228, type: 2}
      propertyPath: m_RootOrder
      value: 5
      objectReference: {fileID: 0}
    - target: {fileID: 11491956, guid: e6de9bbfd0f4a40efae8b92c0481a228, type: 2}
      propertyPath: backgroundMusic
      value: 
      objectReference: {fileID: 8300000, guid: 4bc7856847e2055498c2691bc4ce5ff8, type: 3}
    m_RemovedComponents: []
  m_ParentPrefab: {fileID: 100100000, guid: e6de9bbfd0f4a40efae8b92c0481a228, type: 2}
  m_IsPrefabParent: 0
